@patent{Mcqueen2004Contour,
	assignee = {Intel Corporation (Santa Clara, CA)},
	author = {Mcqueen, Ward A.},
	nationality = {United States},
	number = 6674904,
	title = {Contour tracing and boundary detection for object identification in a digital image},
	url = {http://www.freepatentsonline.com/6674904.html},
	year = 2004
}

@book{Pratt????Digital,
	author = {Pratt, WK},
	publisher = {Wiley},
	title = {Digital Image Processing, 1978}
}

@book{Gose1996Pattern,
	address = {Upper Saddle River, NJ, USA},
	author = {Gose, Earl and Johnsonbaugh, Richard and Jost, Steve},
	isbn = {0-13-236415-8},
	publisher = {Prentice-Hall, Inc.},
	title = {Pattern Recognition and Image Analysis},
	year = 1996
}

@article{Miyatake1997Contour,
	author = {Miyatake, Takafumi and Matsushima, Hitoshi and Ejiri, Masakazu},
	doi = {10.1007/s001380050040},
	issn = {0932-8092, 1432-1769},
	journal = {Machine Vision and Applications},
	language = {en},
	number = 4,
	pages = {193-200},
	title = {Contour representation of binary images using run-type direction codes},
	url = {http://link.springer.com/article/10.1007/s001380050040},
	volume = 9,
	year = 1997
}

@article{Cheong2006Imrpoved,
	author = {Cheong, Cheolho and Han, Tack-Don},
	journal = {Journal of Korea Information Science Society: Software and Applications},
	number = 4,
	pages = {427-439},
	title = {Imrpoved simple boundary following algorithm},
	volume = 33,
	year = 2006
}

@article{Cheong2006Advanced,
	author = {Cheong, Cheolho and Seo, Jonghoon and Han, Tack-Don},
	journal = {Proc. of the 33rd KISS Fall Conference},
	number = 2,
	pages = {431-436},
	title = {Advanced contour tracing algorithms based on analysis of tracing conditions},
	volume = 33,
	year = 2006
}

@book{Pitas2000Digital,
	author = {Pitas, Ioannis},
	isbn = 9780471377399,
	language = {en},
	publisher = {John Wiley \& Sons},
	title = {Digital Image Processing Algorithms and Applications},
	year = 2000
}

@article{Das1990Bivariate,
	author = {Das, M. and Paulik, M.J. and Loh, N.K.},
	doi = {10.1109/34.41389},
	issn = {0162-8828},
	journal = {IEEE Transactions on Pattern Analysis and Machine Intelligence},
	number = 1,
	pages = {97-103},
	title = {A bivariate autoregressive technique for analysis and classification of planar shapes},
	volume = 12,
	year = 1990
}

@article{Papert1973Uses,
	author = {Papert, Seymour},
	language = {en\_US},
	title = {Uses of Technology to Enhance Education},
	url = {http://dspace.mit.edu/handle/1721.1/6213},
	year = 1973
}

@misc{Mirante1982Radial,
	author = {Mirante, A. and Weingarten, N.},
	issn = {0272-1716},
	journal = {IEEE Computer Graphics and Applications},
	number = 3,
	pages = {11-21},
	title = {The Radial Sweep Algorithm for Constructing Triangulated Irregular Networks},
	volume = 2,
	year = 1982
}

@book{Pavlidis2012Algorithms,
	author = {Pavlidis, T.},
	isbn = 9783642932083,
	language = {en},
	publisher = {Springer Science \& Business Media},
	title = {Algorithms for Graphics and Image Processing},
	year = 2012
}

@article{Danielsson1981Improvement,
	author = {Danielsson, Per-Erik},
	doi = {10.1016/0146-664X(81)90017-4},
	issn = {0146-664X},
	journal = {Computer Graphics and Image Processing},
	number = 4,
	pages = {394-396},
	title = {An improvement of Kruse's segmentation algorithm},
	url = {http://www.sciencedirect.com/science/article/pii/0146664X81900174},
	volume = 17,
	year = 1981
}

@article{Shoji1999Contour,
	author = {Shoji, Kenji and Miyamichi, Juichi and Hirano, Kunihiko},
	copyright = {Copyright © 1999 Scripta Technica},
	doi = {10.1002/(SICI)1520-684X(199910)30:11{	extless}1::AID-SCJ1{	extgreater}3.0.CO;2-S},
	issn = {1520-684X},
	journal = {Systems and Computers in Japan},
	language = {en},
	number = 11,
	pages = {1-11},
	title = {Contour following and reconstruction of binary images stored in run format},
	url = {http://onlinelibrary.wiley.com/doi/10.1002/(SICI)1520-684X(199910)30:11{	extless}1::AID-SCJ1{	extgreater}3.0.CO;2-S/abstract},
	volume = 30,
	year = 1999
}

@article{Cheong2006Improved,
	author = {Cheong, Cheolho and Han, Tack-Don},
	journal = {Journal of Korea Information Science Society: Software and Applications},
	number = 4,
	pages = {427-439},
	title = {Improved simple boundary following algorithm},
	volume = 33,
	year = 2006
}

@article{Pradhan2010Contour,
	author = {Pradhan, Ratika and Kumar, Shikhar and Agarwal, Ruchika and Pradhan, Mohan P. and Ghose, M. K. and Pradhan, Ratika and Agarwal, Ruchika and Pradhan, Mohan P. and Ghose, M. K.},
	journal = {International Journal of Image Processing},
	number = 2,
	pages = {156 - 163},
	title = {Contour Line Tracing Algorithm for Digital Topographic Maps},
	volume = 4,
	year = 2010
}

@misc{Toussaint????Grids,
	author = {Toussaint, Godfried},
	title = {Grids, Connectivity and Contour Tracing},
	url = {jeff.cs.mcgill.ca/{	extasciitilde}godfried/teaching/pr-notes/contour.ps}
}

@article{Ghuneim2015Contour,
	author = {Ghuneim, Abeer},
	title = {Contour Tracing},
    note={
      \href{http://www.imageprocessingplace.com/downloads\_V3/root\_downloads/tutorials/contour\_tracing\_Abeer\_George\_Ghuneim/index.html}
           {\nolinkurl{http://www.imageprocessingplace.com/downloads\_V3/root\_downloads/tutorials/contour\_tracing\_Abeer\_George\_Ghuneim/index.html}}
    },
	year = 2015
}

@article{Ghuneim2000Contour,
	author = {Ghuneim, AG},
	journal = {Pattern Recognition Course retrieved from http://www.imageprocessingplace.com/downloads\_V3/root\_downloads/tutorials/contour\_tracing\_Abeer\_George\_Ghuneim/index.html},
	title = {Contour tracing},
	url = {http://www.imageprocessingplace.com/downloads\_V3/root\_downloads/tutorials/contour\_tracing\_Abeer\_George\_Ghuneim/index.html},
	year = 2000
}

@inproceedings{Wakaumi20062D,
	author = {Wakaumi, H. and Nagasawa, C.},
	booktitle = {5th IEEE Conference on Sensors, 2006},
	doi = {10.1109/ICSENS.2007.355921},
	pages = {1511-1514},
	title = {A 2D Ternary Barcode Detection System with a Dual Threshold},
	year = 2006
}

@article{Aroca2013Wearable,
	author = {Aroca, Rafael V. and Gomes, Rafael B. and Dantas, Rummennigue R. and Calbo, Adonai G. and Gonçalves, Luiz M. G.},
	copyright = {http://creativecommons.org/licenses/by/3.0/},
	doi = {10.3390/s130506109},
	journal = {Sensors},
	language = {en},
	number = 5,
	pages = {6109-6140},
	title = {A Wearable Mobile Sensor Platform to Assist Fruit Grading},
	url = {http://www.mdpi.com/1424-8220/13/5/6109},
	volume = 13,
	year = 2013
}

@article{Brodic2010Basic,
	author = {Brodić, Darko and Milivojević, Dragan R. and Milivojević, Zoran},
	copyright = {http://creativecommons.org/licenses/by/3.0/},
	doi = {10.3390/s100505263},
	journal = {Sensors},
	language = {en},
	number = 5,
	pages = {5263-5279},
	title = {Basic Test Framework for the Evaluation of Text Line Segmentation and Text Parameter Extraction},
	url = {http://www.mdpi.com/1424-8220/10/5/5263},
	volume = 10,
	year = 2010
}

@article{Kim2006Rapid,
	author = {Kim, Jeong-Hwan and Seo, Kyung-Sik and Wang, J.},
	doi = {10.1109/JSEN.2006.870170},
	issn = {1530-437X},
	journal = {IEEE Sensors Journal},
	number = 2,
	pages = {248-253},
	title = {Rapid diagnostic barcode system for codetection of multiple protein markers},
	volume = 6,
	year = 2006
}

@article{Tian2010RealTime,
	author = {Tian, Yuan and Guan, Tao and Wang, Cheng},
	copyright = {http://creativecommons.org/licenses/by/3.0/},
	doi = {10.3390/s100402885},
	journal = {Sensors},
	language = {en},
	number = 4,
	pages = {2885-2900},
	title = {Real-Time Occlusion Handling in Augmented Reality Based on an Object Tracking Approach},
	url = {http://www.mdpi.com/1424-8220/10/4/2885},
	volume = 10,
	year = 2010
}

@article{Zhang2012Robust,
	author = {Zhang, Shiqing and Zhao, Xiaoming and Lei, Bicheng},
	copyright = {http://creativecommons.org/licenses/by/3.0/},
	doi = {10.3390/s120303747},
	journal = {Sensors},
	language = {en},
	number = 3,
	pages = {3747-3761},
	title = {Robust Facial Expression Recognition via Compressive Sensing},
	url = {http://www.mdpi.com/1424-8220/12/3/3747},
	volume = 12,
	year = 2012
}

@article{Suzuki1985Topological,
	author = {Suzuki, Satoshi and Abe, Keiichi},
	doi = {10.1016/0734-189X(85)90016-7},
	issn = {0734-189X},
	journal = {Computer Vision, Graphics, and Image Processing},
	number = 1,
	pages = {32-46},
	title = {Topological structural analysis of digitized binary images by border following},
	url = {http://www.sciencedirect.com/science/article/pii/0734189X85900167},
	volume = 30,
	year = 1985
}

@article{Pavlidis1992Information,
	author = {Pavlidis, Theo and Swartz, Jerome and Wang, Ynjiun P.},
	doi = {10.1109/2.153254},
	issn = {0018-9162},
	journal = {Computer},
	number = 6,
	pages = {18-28},
	title = {Information Encoding with Two-Dimensional Bar Codes},
	url = {http://dx.doi.org/10.1109/2.153254},
	volume = 25,
	year = 1992
}

@article{Reddy2012Evaluation,
	author = {Reddy, P. Rajashekar and V., Amarnadh and Bhaskar, Mekala},
	issn = {0975-9646},
	journal = {International Journal of Computer Science and Information Technologies},
	number = 3,
	pages = {3888-3894},
	title = {Evaluation of stopping criterion in contour tracing algorithms},
	volume = 3,
	year = 2012
}

@article{Cheong2012Advanced,
	author = {Cheong, Cheolho and Seo, Jonghoon and Han, Tack-Don},
	journal = {Proc. of the 33rd KISS Fall Conference},
	number = 2,
	pages = {431-436},
	title = {Advanced contour tracing algorithms based on analysis of tracing conditions},
	volume = 33,
	year = 2012
}
